<?xml version="1.0" encoding="UTF-8"?>
<record xmlns="http://www.loc.gov/MARC21/slim" xmlns:xsi="http://www.w3.org/2001/XMLSchema-instance" xsi:schemaLocation="http://www.loc.gov/MARC21/slim http://www.loc.gov/standards/marcxml/schema/MARC21slim.xsd">
<leader>     cam a2200265 a 4500</leader>
<controlfield tag="001">001674706</controlfield>
<controlfield tag="003">NNU</controlfield>
<controlfield tag="005">20061010170925.0</controlfield>
<controlfield tag="008">001207s1945    ua            000 0 ara d</controlfield>
<datafield tag="035" ind1="9" ind2=" ">
<subfield code="a">NYUb12217540</subfield>
</datafield>
<datafield tag="035" ind1=" " ind2=" ">
<subfield code="a">(CStRLIN)NYUG00-B4012</subfield>
</datafield>
<datafield tag="040" ind1=" " ind2=" ">
<subfield code="a">NNU</subfield>
<subfield code="c">NNU</subfield>
</datafield>
<datafield tag="050" ind1=" " ind2="4">
<subfield code="a">BP133</subfield>
<subfield code="b">.A18</subfield>
</datafield>
<datafield tag="066" ind1=" " ind2=" ">
<subfield code="c">(3</subfield>
</datafield>
<datafield tag="090" ind1=" " ind2=" ">
<subfield code="a">BP133</subfield>
<subfield code="b">.A18</subfield>
</datafield>
<datafield tag="100" ind1="1" ind2=" ">
<subfield code="a">ʻAbd al-Bāqī, Muḥammad Fuʼād</subfield>
<subfield code="6">880-01</subfield>
</datafield>
<datafield tag="245" ind1="1" ind2="3">
<subfield code="6">880-02</subfield>
<subfield code="a">al-Muʻjam al-mufahras li-alfāẓ al-Qurʼān al-karīm /</subfield>
<subfield code="c">waḍaʻahu Muḥammad Fuʼād ʻAbd al-Bāqī.</subfield>
</datafield>
<datafield tag="250" ind1=" " ind2=" ">
<subfield code="6">880-03</subfield>
<subfield code="a">al-Ṭabʻah 1.</subfield>
</datafield>
<datafield tag="260" ind1=" " ind2=" ">
<subfield code="6">880-04</subfield>
<subfield code="a">al-Qāhirah :</subfield>
<subfield code="b">Dār al-Kutub al-Miṣrīyah, al-Qism al-ʻAdabī,</subfield>
<subfield code="c">1364 [1945].</subfield>
</datafield>
<datafield tag="300" ind1=" " ind2=" ">
<subfield code="a">13, 781 p. ;</subfield>
<subfield code="c">33 cm.</subfield>
</datafield>
<datafield tag="630" ind1="0" ind2="0">
<subfield code="a">Koran</subfield>
<subfield code="v">Concordances, Arabic.</subfield>
</datafield>
<datafield tag="880" ind1="1" ind2=" ">
<subfield code="6">100-01/</subfield>
<subfield code="a">عبد الباقي، محمد فؤاد.</subfield>
</datafield>
<datafield tag="880" ind1="1" ind2="2">
<subfield code="6">245-02/</subfield>
<subfield code="a">المعجم المفهرس لألفاظ القرآن الكريم ء</subfield>
<subfield code="c">وضعه محمد فؤاد عبد الباقي.</subfield>
</datafield>
<datafield tag="880" ind1=" " ind2=" ">
<subfield code="6">250-03/</subfield>
<subfield code="a">الطبعة ١.</subfield>
</datafield>
<datafield tag="880" ind1=" " ind2=" ">
<subfield code="6">260-04/</subfield>
<subfield code="a">القاهرة :</subfield>
<subfield code="b">دار الكتب المصرية، القسم الأدبي،</subfield>
<subfield code="c">١٣٦٤.</subfield>
</datafield>
<datafield tag="OWN" ind1=" " ind2=" ">
<subfield code="a">GENERAL</subfield>
</datafield>
<datafield tag="998" ind1=" " ind2=" ">
<subfield code="a">20010626</subfield>
<subfield code="d">20001207</subfield>
<subfield code="d">20011129</subfield>
<subfield code="n">NNU</subfield>
<subfield code="s">1</subfield>
<subfield code="t">c</subfield>
<subfield code="z">p</subfield>
</datafield>
<datafield tag="AVA" ind1=" " ind2=" ">
<subfield code="a">NYU50</subfield>
<subfield code="b">BOBST</subfield>
<subfield code="c">Main Collection</subfield>
<subfield code="d">BP133 .A18</subfield>
<subfield code="e">unavailable</subfield>
<subfield code="t">Unavailable</subfield>
<subfield code="f">1</subfield>
<subfield code="g">1</subfield>
<subfield code="h">N</subfield>
<subfield code="i">0</subfield>
<subfield code="j">MAIN</subfield>
<subfield code="k">0</subfield>
</datafield>
<datafield tag="AVA" ind1=" " ind2=" ">
<subfield code="a">NYU50</subfield>
<subfield code="b">NKEV</subfield>
<subfield code="c">Main Collection</subfield>
<subfield code="d">BP133 .A18 Non-Circulating</subfield>
<subfield code="e">available</subfield>
<subfield code="t">Available</subfield>
<subfield code="f">1</subfield>
<subfield code="g">0</subfield>
<subfield code="h">N</subfield>
<subfield code="i">0</subfield>
<subfield code="j">MAIN</subfield>
<subfield code="k">0</subfield>
</datafield>
</record>
